% Optional fields: author, title, howpublished, month, year, note
@MISC{productivity,
  title = "Produktivitetsfall i bygg og anlegg",
	author = "Steinar Todsen",
	howpublished = "https://www.ssb.no/bygg-bolig-og-eiendom/artikler-og-publikasjoner/produktivitsfall-i-bygg-og-anlegg",
	month = "January",
	year = 2018	
}

@inproceedings{boehm1987software,
  title={Software process management: lessons learned from history},
  author={Boehm, Barry W},
  booktitle={Proceedings of the 9th international conference on Software Engineering},
  pages={296--298},
  year={1987},
  organization={IEEE Computer Society Press}
}

@article{wood2009factors,
  title={Factors of complexity in construction projects},
  author={Wood, Hannah and Ashton, Philip},
  year={2009},
  publisher={ARCOM}
}

@inproceedings{Uellenbeck,
 author = {Uellenbeck, Sebastian and D\"{u}rmuth, Markus and Wolf, Christopher and Holz, Thorsten},
 title = {Quantifying the Security of Graphical Passwords: The Case of Android Unlock Patterns},
 booktitle = {Proceedings of the 2013 ACM SIGSAC Conference on Computer \&\#38; Communications Security},
 year = {2013},
 isbn = {978-1-4503-2477-9},
 location = {Berlin, Germany},
 url = {http://doi.acm.org/10.1145/2508859.2516700},
 doi = {10.1145/2508859.2516700},
 acmid = {2516700},
}

@ARTICLE{UnixPasswords,
  title     = "Foiling the cracker: A survey of, and improvements to, password
               security",
  author    = "Klein, D V",
  journal   = "Proceedings of the 2nd USENIX Security Workshop",
  publisher = "cs.gmu.edu",
  year      =  1990
}

@inproceedings{royce,
 author = {Royce, W. W.},
 title = {Managing the Development of Large Software Systems: Concepts and Techniques},
 booktitle = {Proceedings of the 9th International Conference on Software Engineering},
 series = {ICSE '87},
 year = {1987},
 isbn = {0-89791-216-0},
 location = {Monterey, California, USA},
 pages = {328--338},
 numpages = {11},
 url = {http://dl.acm.org/citation.cfm?id=41765.41801},
 acmid = {41801},
 publisher = {IEEE Computer Society Press},
 address = {Los Alamitos, CA, USA},
} 


@article{DeAngeli,
 author = {De Angeli, Antonella and Coventry, Lynne and Johnson, Graham and Renaud, Karen},
 title = {Is a Picture Really Worth a Thousand Words? Exploring the Feasibility of Graphical Authentication Systems},
 journal = {Int. J. Hum.-Comput. Stud.},
 issue_date = {July 2005},
 volume = {63},
 number = {1-2},
 month = jul,
 year = {2005},
 issn = {1071-5819},
 pages = {128--152},
 numpages = {25},
 url = {http://dx.doi.org/10.1016/j.ijhcs.2005.04.020},
 doi = {10.1016/j.ijhcs.2005.04.020},
 acmid = {1090419},
 publisher = {Academic Press, Inc.},
 address = {Duluth, MN, USA},
 keywords = {security, usability, user authentication, visual memory},
} 
% Optional fields: volume/number, series, address, edition, month, note
@BOOK{empiriske,
  author = {Briony J Oates},
  title = {Researching Information Systems and Computing},
  publisher = {SAGE Publications},
  year = {2006}
}

@BOOK{lean_i_praksis,
  author = {Hans Thomas Holm and Astrid Renata Van Veen and Sven Wertebach and Per Roger Johansen},
  title = {Lean metodikk i praksis},
  publisher = {Ad Notam Forlag},
  year = {2018}
}

@article{frank_gehry,
author = {Boland, Richard and Lyytinen, Kalle and Yoo, Youngjin},
year = {0002},
month = {08},
pages = {631-647},
title = {Wakes of Innovation in Project Networks: The Case of Digital 3-D Representations in Architecture, Engineering, and Construction},
volume = {18},
journal = {Organization Science},
doi = {10.1287/orsc.1070.0304}
}

@mastersthesis{KPIs_in_lean,
title={KPIs in a Lean design process},
author={Hedvig Skappel},
year={2017},
school={Norwegian University of Life Sciences},
address={ÅS}
}

@inproceedings{rolfsen,
  title={Prior ties and trust development in project teams – A case study from the construction industry},
  author={Marte Pettersen Buvik and Monica Rolfsen},
  year={2015}
}

@article{ingvaldsen2012lean,
  title={Lean organisering i norsk arbeidsliv: slutten p{\aa} medvirkning?},
  author={Ingvaldsen, Jonas A and Rolfsen, Monica and Finsrud, Henrik D},
  year={2012},
  publisher={Fagbokforlaget}
}

@inproceedings{howell1999lean,
  title={What is lean construction-1999},
  author={Howell, Gregory A},
  year={1999},
  organization={Citeseer}
}

@article{miller2002harmonization,
  title={Harmonization between main contractors and subcontractors: a prerequisite for lean construction?},
  author={Miller, Christopher JM and Packham, Gary A and Thomas, Brychan C},
  journal={Journal of Construction Research},
  volume={3},
  number={01},
  pages={67--82},
  year={2002},
  publisher={World Scientific}
}

@article{monplaisir2002enhancing,
  title={Enhancing CSCW with Advanced Decision Making Tools for an Agile Manufacturing System Design Application},
  author={Monplaisir, Leslie},
  journal={Group Decision \& Negotiation},
  volume={11},
  number={1},
  pages={45--63},
  year={2002}
}

@article{zaghloul2003construction,
  title={Construction contracts: the cost of mistrust},
  author={Zaghloul, Ramy and Hartman, Francis},
  journal={International Journal of Project Management},
  volume={21},
  number={6},
  pages={419--424},
  year={2003},
  publisher={Elsevier}
}
